@article{130733,
 author = {Wu,, Pei-Chi and Wang,, Feng-Jian},
 title = {An object-oriented specification for compiler},
 journal = {SIGPLAN Not.},
 volume = {27},
 number = {1},
 year = {1992},
 issn = {0362-1340},
 pages = {85--94},
 doi = {http://doi.acm.org/10.1145/130722.130733},
 publisher = {ACM},
 address = {New York, NY, USA},
 }
